@article{tehranipoor2010survey,
  title={A survey of hardware Trojan taxonomy and detection},
  author={Tehranipoor, Mohammad and Koushanfar, Farinaz},
  year={2010},
  publisher={IEEE}
}

@inproceedings{li2008speed,
  title={At-speed delay characterization for IC authentication and Trojan horse detection},
  author={Li, Jie and Lach, John},
  booktitle={Hardware-Oriented Security and Trust, 2008. HOST 2008. IEEE International Workshop on},
  pages={8--14},
  year={2008},
  organization={IEEE}
}

@inproceedings{cortez2012modeling,
  title={Modeling SRAM start-up behavior for Physical Unclonable Functions},
  author={Cortez, Mafalda and Dargar, Apurva and Hamdioui, Said and Schrijen, Geert-Jan},
  booktitle={Defect and Fault Tolerance in VLSI and Nanotechnology Systems (DFT), 2012 IEEE International Symposium on},
  pages={1--6},
  year={2012},
  organization={IEEE}
}

@inproceedings{barbareschi2015supply,
  title={Supply voltage variation impact on Anderson PUF quality},
  author={Barbareschi, Mario and Bagnasco, Pierpaolo and Mazzeo, Antonino},
  booktitle={Design \& Technology of Integrated Systems in Nanoscale Era (DTIS), 2015 10th International Conference on},
  pages={1--6},
  year={2015},
  organization={IEEE}
}


@inproceedings{globalplatform2011TEE,
 title={TEE System Architecture, version 1.0},
 year={2011},
 organization={GlobalPlatform Device Technology}
}

@inproceedings{globalplatform2010TEE,
 title={TEE Client API specification, version 1.0},
 year={2010},
 organization={GlobalPlatform Device Technology}
}

@article{zhao2014providing,
  title={Providing Root of Trust for ARM TrustZone using SRAM PUFs},
  author={Zhao, Shijun and Zhang, Qianying and Hu, Guangyao and Qin, Yu and Feng, Dengguo},
  journal={International Association for Cryptologic Research},
  year={2014}
}

@article{ekberg2008onboard,
  title={Onboard credentials platform: Design and implementation},
  author={Ekberg, Jan-Erik and Asokan, N and Kostiainen, Kari and Eronen, Pasi and Rantala, Aarne and Sharma, Aishvarya},
  journal={Nokia Research Center Helsinki, Finland},
  year={2008},
  publisher={Citeseer}
}

@inproceedings{kostiainen2009board,
  title={On-board credentials with open provisioning},
  author={Kostiainen, Kari and Ekberg, Jan-Erik and Asokan, N and Rantala, Aarne},
  booktitle={Proceedings of the 4th International Symposium on Information, Computer, and Communications Security},
  pages={104--115},
  year={2009},
  organization={ACM}
}

@inproceedings{sangorrin2010dual,
  title={Dual operating system architecture for real-time embedded systems},
  author={Sangorrin, Daniel and Honda, Shinya and Takada, Hiroaki},
  booktitle={Proceedings of the 6th International Workshop on Operating Systems Platforms for Embedded Real-Time Applications (OSPERT), Brussels, Belgium},
  pages={6--15},
  year={2010}
}

@article{gardner2009detecting,
  title={Detecting code alteration by creating a temporary memory bottleneck},
  author={Gardner, Ryan W and Garera, Sujata and Rubin, Aviel D},
  journal={Information Forensics and Security, IEEE Transactions on},
  volume={4},
  number={4},
  pages={638--650},
  year={2009},
  publisher={IEEE}
}


@inproceedings{areno2012securing,
  title={Securing trusted execution environments with puf generated secret keys},
  author={Areno, Matthew and Plusquellic, Jim},
  booktitle={Trust, Security and Privacy in Computing and Communications (TrustCom), 2012 IEEE 11th International Conference on},
  pages={1188--1193},
  year={2012},
  organization={IEEE}
}

@inproceedings{majzoobi2010fpga,
  title={FPGA PUF using programmable delay lines},
  author={Majzoobi, Mehrdad and Koushanfar, Farinaz and Devadas, Srinivas},
  booktitle={Information Forensics and Security (WIFS), 2010 IEEE International Workshop on},
  pages={1--6},
  year={2010},
  organization={IEEE}
}

@inproceedings{devic2010secure,
  title={Secure protocol implementation for remote bitstream update preventing replay attacks on FPGA},
  author={Devic, Florian and Torres, Lionel and Badrignans, Beno{\^\i}t},
  booktitle={Field Programmable Logic and Applications (FPL), 2010 International Conference on},
  pages={179--182},
  year={2010},
  organization={IEEE}
}

@inproceedings{majzoobi2008testing,
  title={Testing techniques for hardware security},
  author={Majzoobi, Mehrdad and Koushanfar, Farinaz and Potkonjak, Miodrag},
  booktitle={Test Conference, 2008. ITC 2008. IEEE International},
  pages={1--10},
  year={2008},
  organization={IEEE}
}

@inproceedings{li2011viper,
  title={VIPER: verifying the integrity of PERipherals' firmware},
  author={Li, Yanlin and McCune, Jonathan M and Perrig, Adrian},
  booktitle={Proceedings of the 18th ACM conference on Computer and communications security},
  pages={3--16},
  year={2011},
  organization={ACM}
}

@article{seshadri2005pioneer,
  title={Pioneer: verifying code integrity and enforcing untampered code execution on legacy systems},
  author={Seshadri, Arvind and Luk, Mark and Shi, Elaine and Perrig, Adrian and van Doorn, Leendert and Khosla, Pradeep},
  journal={ACM SIGOPS Operating Systems Review},
  volume={39},
  number={5},
  pages={1--16},
  year={2005},
  publisher={ACM}
}

@incollection{lin2009trojan,
  title={Trojan side-channels: lightweight hardware trojans through side-channel engineering},
  author={Lin, Lang and Kasper, Markus and G{\"u}neysu, Tim and Paar, Christof and Burleson, Wayne},
  booktitle={Cryptographic Hardware and Embedded Systems-CHES 2009},
  pages={382--395},
  year={2009},
  publisher={Springer}
}

@inproceedings{kong2014pufatt,
  title={PUFatt: Embedded platform attestation based on novel processor-based PUFs},
  author={Kong, Joonho and Koushanfar, Farinaz and Pendyala, Praveen K and Sadeghi, Ahmad-Reza and Wachsmann, Christian},
  booktitle={Design Automation Conference (DAC), 2014 51st ACM/EDAC/IEEE},
  pages={1--6},
  year={2014},
  organization={IEEE}
}

@incollection{gong2011hardware,
  title={Hardware Trojan side-channels based on physical unclonable functions},
  author={Gong, Zheng and Makkes, Marc X},
  booktitle={Information Security Theory and Practice. Security and Privacy of Mobile Devices in Wireless Communication},
  pages={294--303},
  year={2011},
  publisher={Springer}
}

@inproceedings{sahoo2014composite,
  title={Composite PUF: A new design paradigm for Physically Unclonable Functions on FPGA},
  author={Sahoo, Durga Prasad and Saha, Simanto and Mukhopadhyay, Debdeep and Chakraborty, Rajat Subhra and Kapoor, Hitesh},
  booktitle={Hardware-Oriented Security and Trust (HOST), 2014 IEEE International Symposium on},
  pages={50--55},
  year={2014},
  organization={IEEE}
}

@inproceedings{zhang2013design,
  title={Design and implementation of a delay-based PUF for FPGA IP protection},
  author={Zhang, Jiliang and Wu, Qiang and Lyu, Yongqiang and Zhou, Qiang and Cai, Yici and Lin, Yaping and Qu, Gang},
  booktitle={Computer-Aided Design and Computer Graphics (CAD/Graphics), 2013 International Conference on},
  pages={107--114},
  year={2013},
  organization={IEEE}
}

@inproceedings{karakoyunlu2010differential,
  title={Differential template attacks on puf enabled cryptographic devices},
  author={Karakoyunlu, Deniz and Sunar, Berk},
  booktitle={Information Forensics and Security (WIFS), 2010 IEEE International Workshop on},
  pages={1--6},
  year={2010},
  organization={IEEE}
}

@inproceedings{guneysu2007dynamic,
  title={Dynamic intellectual property protection for reconfigurable devices},
  author={Guneysu, Tim and M{\"o}ller, Bodo and Paar, Christof},
  booktitle={Field-Programmable Technology, 2007. ICFPT 2007. International Conference on},
  pages={169--176},
  year={2007},
  organization={IEEE}
}

@article{drimer2008protecting,
  title={Protecting multiple cores in a single FPGA design},
  author={Drimer, Saar and G{\"u}neysu, Tim and Kuhn, Markus G and Paar, Christof},
  journal={Draft available at http://www. cl. cam. ac. uk/sd410/, written May},
  year={2008}
}

@book{pearson2003trusted,
  title={Trusted computing platforms: TCPA technology in context},
  author={Pearson, Siani and Balacheff, Boris},
  year={2003},
  publisher={Prentice Hall Professional}
}

@inproceedings{merli2011semi,
  title={Semi-invasive EM attack on FPGA RO PUFs and countermeasures},
  author={Merli, Dominik and Schuster, Dieter and Stumpf, Frederic and Sigl, Georg},
  booktitle={Proceedings of the Workshop on Embedded Systems Security},
  pages={2},
  year={2011},
  organization={ACM}
}

@inproceedings{gassend2002controlled,
  title={Controlled physical random functions},
  author={Gassend, Blaise and Clarke, Dwaine and Van Dijk, Marten and Devadas, Srinivas},
  booktitle={Computer Security Applications Conference, 2002. Proceedings. 18th Annual},
  pages={149--160},
  year={2002},
  organization={IEEE}
}

@inproceedings{merli2013localized,
  title={Localized electromagnetic analysis of RO PUFs},
  author={Merli, Dominik and Heyszl, Johann and Heinz, Benedikt and Schuster, Daniel and Stumpf, Frederic and Sigl, Georg},
  booktitle={Hardware-Oriented Security and Trust (HOST), 2013 IEEE International Symposium on},
  pages={19--24},
  year={2013},
  organization={IEEE}
}

@misc{tcg2007specification,
  title={TCG Specification Architecture Overview Revision 1.4},
  year={2007},
  organization={Trusted Computing Group}
 }

@misc{tcg2011main1.1,
  title={Trusted computing
platform alliance (TCPA) main specification, version 1.1a Republished as Trusted Computing Group
(TCG) main specifcation},
  year={2011},
  version={1.1},
  organization={Trusted Computing Group}
}

@inproceedings{sumrall2003trusted,
  title={Trusted computing group (TCG) and the TPM 1.2 specification},
  author={Sumrall, Nancy and Novoa, Manny},
  booktitle={Intel Developer Forum},
  volume={32},
  year={2003}
}

@misc{tcg_mobile_1.0,
  title={TCG mobile trusted module specification },
  year={2013},
  version={1.0},
  organization={TCG Mobile Phone Working Group}
}

@misc{tcg2014_2.0,
  title={Trusted Platform Module Library Part 1: Architecture 2.0 },
  year={2014},
  version={2.0},
  organization={Trusted Computing Group}
}
 
@techreport{eastlake2011us,
  title={US secure hash algorithms (SHA and SHA-based HMAC and HKDF)},
  author={Eastlake, Donald and Hansen, Tony},
  year={2011},
  institution={RFC 6234, May}
}
 
@article{jonsson2003public,
  title={Public-key cryptography standards (PKCS)\# 1: RSA cryptography specifications version 2.1},
  author={Jonsson, Jakob and Kaliski, Burt},
  year={2003}
}
 
@misc{tcg2011main,
  title={TPM Main Part 1 Design Principles Specification Version 1.2},
  year={2011},
  organization={Trusted Computing Group}
 }

@misc{xilinx20157series,
 title={7 Series FPGA Overwiew},
 year={2015},
 organization={Xilinx}
}
@misc{tcg2015automotive,
  title={TCG TPM 2.0 Automotive Thin Profile Version 1.0},
  year={2015},
  organization={Trusted Computing Group}
 }
 
@incollection{grossmann2007security,
  title={Security for mobile low power nodes in a personal area network by means of trusted platform modules},
  author={Grossmann, Ulrich and Berkhan, Enrik and Jatoba, Luciana C and Ottenbacher, Joerg and Stork, Wilhelm and Mueller-Glaser, Klaus D},
  booktitle={Security and Privacy in Ad-hoc and Sensor Networks},
  pages={172--186},
  year={2007},
  publisher={Springer}
}
 
@misc{leseajbits,
  title={jbits \& reverse engineering (Usenet comp. arch. fpga), September 2005},
  author={Lesea, A}
}

@inproceedings{trimberger2007trusted,
  title={Trusted design in FPGAs},
  author={Trimberger, Steve},
  booktitle={Proceedings of the 44th annual Design Automation Conference},
  pages={5--8},
  year={2007},
  organization={ACM}
}

@misc{apland1999security,
  title={Security Antifuse that Prevents Readout of some but not other Information from a Programmed Field Programmable Gate Array},
  author={Apland, James M and Eaton, David D and Chan, Andrew K},
  year={1999},
  month=apr # "~27",
  publisher={Google Patents},
  note={US Patent 5,898,776}
}

@article{telikepalli2003your,
  title={Is your FPGA design Secure},
  author={Telikepalli, Anil and Xilinx, I},
  journal={XCell Journal, XILINX, Fall},
  year={2003}
}

@inproceedings{arora2014malware,
  title={Malware Detection Using Network Traffic Analysis in Android Based Mobile Devices},
  author={Arora, Abhishek and Garg, Shelly and Peddoju, Sateesh K},
  booktitle={Next Generation Mobile Apps, Services and Technologies (NGMAST), 2014 Eighth International Conference on},
  pages={66--71},
  year={2014},
  organization={IEEE}
}

@inproceedings{huang2013delay,
  title={A Delay-based PUF Design Using Multiplexers on FPGA},
  author={Huang, Miaoqing and Li, Shiming},
  booktitle={Field-Programmable Custom Computing Machines (FCCM), 2013 IEEE 21st Annual International Symposium on},
  pages={226--226},
  year={2013},
  organization={IEEE}
}

@inproceedings{ziener2006identifying,
  title={Identifying FPGA IP-cores based on lookup table content analysis},
  author={Ziener, Daniel and A{\ss}mus, Stefan and Teich, J{\"u}rgen},
  booktitle={Field Programmable Logic and Applications, 2006. FPL'06. International Conference on},
  pages={1--6},
  year={2006},
  organization={IEEE}
}

@InProceedings{barbareschi2015implementing,
author = {Barbareschi, Mario and Mazzeo, Antonino and Bagnasco, Pierpaolo},
title = {Implementing reliable mechanisms for IP protection on low-end fpga devices},
booktitle = {DATE W10 Trudevice},
year = 2015,
month = March,
note = {online publication}
}

@inproceedings{benz2012bil,
  title={Bil: A tool-chain for bitstream reverse-engineering},
  author={Benz, Florian and Seffrin, Andr{\'e} and Huss, Sorin and others},
  booktitle={Field Programmable Logic and Applications (FPL), 2012 22nd International Conference on},
  pages={735--738},
  year={2012},
  organization={IEEE}
}

@incollection{ors2003power,
  title={Power-analysis attacks on an FPGA--first experimental results},
  author={{\"O}rs, S{\i}dd{\i}ka Berna and Oswald, Elisabeth and Preneel, Bart},
  booktitle={Cryptographic Hardware and Embedded Systems-CHES 2003},
  pages={35--50},
  year={2003},
  publisher={Springer}
}

@article{tiri2004synthesis,
  title={Synthesis of Secure FPGA Implementations.},
  author={Tiri, Kris and Verbauwhede, Ingrid},
  journal={IACR Cryptology ePrint Archive},
  volume={2004},
  pages={68},
  year={2004}
}

@inproceedings{carlier2004electromagnetic,
  title={Electromagnetic side channels of an FPGA implementation of AES},
  author={Carlier, Vincent and Chabanne, Herv{\'e} and Dottax, Emmanuelle and Pelletier, Herv{\'e}},
  booktitle={CRYPTOLOGY EPRINT ARCHIVE, REPORT 2004/145},
  year={2004},
  organization={Citeseer}
}

@incollection{kim2015side,
  title={Side Channel Attacks on Cryptographic Module: EM and PA Attacks Accuracy Analysis},
  author={Kim, HyunHo and Bruce, Ndibanje and Lee, Hoon-Jae and Choi, YongJe and Choi, Dooho},
  booktitle={Information Science and Applications},
  pages={509--516},
  year={2015},
  publisher={Springer}
}

@article{gassend2004identification,
  title={Identification and authentication of integrated circuits},
  author={Gassend, Blaise and Lim, Daihyun and Clarke, Dwaine and Van Dijk, Marten and Devadas, Srinivas},
  journal={Concurrency and Computation: Practice and Experience},
  volume={16},
  number={11},
  pages={1077--1098},
  year={2004},
  publisher={Wiley Online Library}
}

@phdthesis{skorobogatov2005semi,
  title={Semi-invasive attacks: a new approach to hardware security analysis},
  author={Skorobogatov, Sergei Petrovich},
  year={2005},
  school={Citeseer}
}
@inproceedings{anderson2010puf,
  title={A PUF design for secure FPGA-based embedded systems},
  author={Anderson, Jason H},
  booktitle={Proceedings of the 2010 Asia and South Pacific Design Automation Conference},
  pages={1--6},
  year={2010},
  organization={IEEE Press}
}

@book{bohm2012physical,
  title={Physical unclonable functions in theory and practice},
  author={B{\"o}hm, Christoph and Hofer, Maximilian},
  year={2012},
  publisher={Springer Science \& Business Media}
}

@book{maes2013physically,
  title={Physically Unclonable Functions},
  author={Maes, Roel},
  year={2013},
  publisher={Springer}
}

@inproceedings{majzoobi2008lightweight,
  title={Lightweight secure pufs},
  author={Majzoobi, Mehrdad and Koushanfar, Farinaz and Potkonjak, Miodrag},
  booktitle={Proceedings of the 2008 IEEE/ACM International Conference on Computer-Aided Design},
  pages={670--673},
  year={2008},
  organization={IEEE Press}
}

@book{he2006cmos,
  title={Cmos Vlsi Design: A Circuits And Systems Perspective, 3/E},
  author={HE, Weste Neil and others},
  year={2006},
  publisher={Pearson Education India}
}

@inproceedings{banga2009novel,
  title={A novel sustained vector technique for the detection of hardware Trojans},
  author={Banga, Mainak and Hsiao, Michael S},
  booktitle={VLSI Design, 2009 22nd International Conference on},
  pages={327--332},
  year={2009},
  organization={IEEE}
}

@incollection{frikken2009robust,
  title={Robust authentication using physically unclonable functions},
  author={Frikken, Keith B and Blanton, Marina and Atallah, Mikhail J},
  booktitle={Information Security},
  pages={262--277},
  year={2009},
  publisher={Springer}
}

@book{tehranipoor2011introduction,
  title={Introduction to hardware security and trust},
  author={Tehranipoor, Mohammad and Wang, Cliff},
  year={2011},
  publisher={Springer Science \& Business Media}
}

@article{ravi2004security,
  title={Security in embedded systems: Design challenges},
  author={Ravi, Srivaths and Raghunathan, Anand and Kocher, Paul and Hattangady, Sunil},
  journal={ACM Transactions on Embedded Computing Systems (TECS)},
  volume={3},
  number={3},
  pages={461--491},
  year={2004},
  publisher={ACM}
}

@article{wollinger2004security,
  title={Security on FPGAs: State-of-the-art implementations and attacks},
  author={Wollinger, Thomas and Guajardo, Jorge and Paar, Christof},
  journal={ACM Transactions on Embedded Computing Systems (TECS)},
  volume={3},
  number={3},
  pages={534--574},
  year={2004},
  publisher={ACM}
}

@inproceedings{ruhrmair2010modeling,
  title={Modeling attacks on physical unclonable functions},
  author={R{\"u}hrmair, Ulrich and Sehnke, Frank and S{\"o}lter, Jan and Dror, Gideon and Devadas, Srinivas and Schmidhuber, J{\"u}rgen},
  booktitle={Proceedings of the 17th ACM conference on Computer and communications security},
  pages={237--249},
  year={2010},
  organization={ACM}
}

@inproceedings{kean2001secure,
  title={Secure configuration of field programmable gate arrays},
  author={Kean, Tom},
  booktitle={Field-Programmable Logic and Applications},
  pages={142--151},
  year={2001},
  organization={Springer}
}
@inproceedings{suh2007physical,
  title={Physical unclonable functions for device authentication and secret key generation},
  author={Suh, G Edward and Devadas, Srinivas},
  booktitle={Proceedings of the 44th annual Design Automation Conference},
  pages={9--14},
  year={2007},
  organization={ACM}
}

@incollection{yu2011lightweight,
  title={Lightweight and secure PUF key storage using limits of machine learning},
  author={Yu, Meng-Day Mandel and M’Raihi, David and Sowell, Richard and Devadas, Srinivas},
  booktitle={Cryptographic Hardware and Embedded Systems--CHES 2011},
  pages={358--373},
  year={2011},
  publisher={Springer}
}

@article{devadas2010secure,
  title={Secure and robust error correction for physical unclonable functions},
  author={Devadas, S and Yu, M},
  year={2010},
  publisher={IEEE}
}

@inproceedings{maes2008intrinsic,
  title={Intrinsic PUFs from flip-flops on reconfigurable devices},
  author={Maes, Roel and Tuyls, Pim and Verbauwhede, Ingrid},
  booktitle={3rd Benelux workshop on information and system security (WISSec 2008)},
  volume={17},
  year={2008}
}

@inproceedings{van2010hardware,
  title={Hardware intrinsic security from D flip-flops},
  author={van der Leest, Vincent and Schrijen, Geert-Jan and Handschuh, Helena and Tuyls, Pim},
  booktitle={Proceedings of the fifth ACM workshop on Scalable trusted computing},
  pages={53--62},
  year={2010},
  organization={ACM}
}

@article{su2008digital,
  title={A digital 1.6 pJ/bit chip identification circuit using process variations},
  author={Su, Ying and Holleman, Jeremy and Otis, Brian P},
  journal={Solid-State Circuits, IEEE Journal of},
  volume={43},
  number={1},
  pages={69--77},
  year={2008},
  publisher={IEEE}
}

@inproceedings{lofstrom2000ic,
  title={IC identification circuit using device mismatch},
  author={Lofstrom, Keith and Daasch, W Robert and Taylor, Donald},
  booktitle={Solid-State Circuits Conference, 2000. Digest of Technical Papers. ISSCC. 2000 IEEE International},
  pages={372--373},
  year={2000},
  organization={IEEE}
}

@article{pappu2002physical,
  title={Physical one-way functions},
  author={Pappu, Ravikanth and Recht, Ben and Taylor, Jason and Gershenfeld, Neil},
  journal={Science},
  volume={297},
  number={5589},
  pages={2026--2030},
  year={2002},
  publisher={American Association for the Advancement of Science}
}

@article{ruhrmair2013power,
  title={Power and Timing Side Channels for PUFs and their Efficient Exploitation.},
  author={R{\"u}hrmair, Ulrich and Xu, Xiaolin and S{\"o}lter, Jan and Mahmoud, Ahmed and Koushanfar, Farinaz and Burleson, Wayne},
  journal={IACR Cryptology ePrint Archive},
  volume={2013},
  pages={851},
  year={2013}
}

@article{mahmoud2013combined,
  title={Combined Modeling and Side Channel Attacks on Strong PUFs.},
  author={Mahmoud, Ahmed and R{\"u}hrmair, Ulrich and Majzoobi, Mehrdad and Koushanfar, Farinaz},
  journal={IACR Cryptology ePrint Archive},
  volume={2013},
  pages={632},
  year={2013}
}

@phdthesis{ravikanth2001physical,
  title={Physical one-way functions},
  author={Ravikanth, Pappu Srinivasa},
  year={2001},
  school={Massachusetts Institute of Technology}
}

@inproceedings{gassend2002silicon,
  title={Silicon physical random functions},
  author={Gassend, Blaise and Clarke, Dwaine and Van Dijk, Marten and Devadas, Srinivas},
  booktitle={Proceedings of the 9th ACM conference on Computer and communications security},
  pages={148--160},
  year={2002},
  organization={ACM}
}

@incollection{maes2010physically,
  title={Physically unclonable functions: A study on the state of the art and future research directions},
  author={Maes, Roel and Verbauwhede, Ingrid},
  booktitle={Towards Hardware-Intrinsic Security},
  pages={3--37},
  year={2010},
  publisher={Springer}
}

@inproceedings{chakraborty2009hardware,
  title={Hardware Trojan: Threats and emerging solutions},
  author={Chakraborty, Rajat Subhra and Narasimhan, Seetharam and Bhunia, Swarup},
  booktitle={High Level Design Validation and Test Workshop, 2009. HLDVT 2009. IEEE International},
  pages={166--171},
  year={2009},
  organization={IEEE}
}

@article{chakraborty2013hardware,
  title={Hardware Trojan insertion by direct modification of FPGA configuration bitstream},
  author={Chakraborty, Rajat Subhra and Saha, Indranil and Palchaudhuri, Ayan and Naik, Gowtham Kumar},
  journal={Design \& Test, IEEE},
  volume={30},
  number={2},
  pages={45--54},
  year={2013},
  publisher={IEEE}
}

@article{su2007isscc,
  title={ISSCC 2007/SESSION 22/DIGITAL CIRCUIT INNOVATIONS/22.5},
  author={Su, Y and Holleman, J and Otis, B},
  year={2007}
}

@article{koushanfar2012provably,
  title={Provably secure active IC metering techniques for piracy avoidance and digital rights management},
  author={Koushanfar, Farinaz},
  journal={Information Forensics and Security, IEEE Transactions on},
  volume={7},
  number={1},
  pages={51--63},
  year={2012},
  publisher={IEEE}
}

@article{maiti2011improved,
  title={Improved ring oscillator PUF: An FPGA-friendly secure primitive},
  author={Maiti, Abhranil and Schaumont, Patrick},
  journal={Journal of cryptology},
  volume={24},
  number={2},
  pages={375--397},
  year={2011},
  publisher={Springer}
}

@inproceedings{kumar2008butterfly,
  title={The butterfly PUF protecting IP on every FPGA},
  author={Kumar, Sandeep S and Guajardo, Jorge and Maes, Roel and Schrijen, Geert-Jan and Tuyls, Pim},
  booktitle={Hardware-Oriented Security and Trust, 2008. HOST 2008. IEEE International Workshop on},
  pages={67--70},
  year={2008},
  organization={IEEE}
}

@misc{layman2004electronic,
  title={Electronic fingerprinting of semiconductor integrated circuits},
  author={Layman, Paul Arthur and Chaudhry, Samir and Norman, James Gary and Thomson, J Ross},
  year={2004},
  month=may # "~18",
  publisher={Google Patents},
  note={US Patent 6,738,294}
}

@inproceedings{holcomb2007initial,
  title={Initial SRAM state as a fingerprint and source of true random numbers for RFID tags},
  author={Holcomb, Daniel E and Burleson, Wayne P and Fu, Kevin and others},
  booktitle={Proceedings of the Conference on RFID Security},
  volume={7},
  year={2007}
}

@article{holcomb2009power,
  title={Power-up SRAM state as an identifying fingerprint and source of true random numbers},
  author={Holcomb, Daniel E and Burleson, Wayne P and Fu, Kevin},
  journal={Computers, IEEE Transactions on},
  volume={58},
  number={9},
  pages={1198--1210},
  year={2009},
  publisher={IEEE}
}

@inproceedings{wild2014enabling,
  title={Enabling SRAM-PUFs on Xilinx FPGAs},
  author={Wild, Alexander and Guneysu, Tim},
  booktitle={Field Programmable Logic and Applications (FPL), 2014 24th International Conference on},
  pages={1--4},
  year={2014},
  organization={IEEE}
}

@inproceedings{helfmeier2013cloning,
  title={Cloning physically unclonable functions},
  author={Helfmeier, Clemens and Boit, Christian and Nedospasov, Dmitry and Seifert, Jean-Pierre},
  booktitle={Hardware-Oriented Security and Trust (HOST), 2013 IEEE International Symposium on},
  pages={1--6},
  year={2013},
  organization={IEEE}
}

@incollection{maes2009low,
  title={Low-overhead implementation of a soft decision helper data algorithm for SRAM PUFs},
  author={Maes, Roel and Tuyls, Pim and Verbauwhede, Ingrid},
  booktitle={Cryptographic Hardware and Embedded Systems-CHES 2009},
  pages={332--347},
  year={2009},
  publisher={Springer}
} 
@inproceedings{maiti2010large,
  title={A large scale characterization of RO-PUF},
  author={Maiti, Abhranil and Casarona, Jeff and McHale, Luke and Schaumont, Patrick},
  booktitle={Hardware-Oriented Security and Trust (HOST), 2010 IEEE International Symposium on},
  pages={94--99},
  year={2010},
  organization={IEEE}
}

@article{komurcu2013ring,
  title={A RING OSCILLATOR BASED PUF IMPLEMENTATION ON FPGA},
  author={K{\"o}m{\"u}rc{\"u}, Giray and Pusane, Ali Emre and D{\"u}ndar, G{\"u}nhan},
  journal={IU-Journal of Electrical \& Electronics Engineering},
  volume={13},
  number={2},
  pages={1647--1652},
  year={2013}
}

@article{feitenanalysis,
  title={Analysis of Ring Oscillator PUFs on 60nm FPGAs},
  author={Feiten, Linus and Spilla, Andreas and Sauer, Matthias and Schubert, Tobias and Becker, Bernd}
}

@incollection{markettos2009frequency,
  title={The frequency injection attack on ring-oscillator-based true random number generators},
  author={Markettos, A Theodore and Moore, Simon W},
  booktitle={Cryptographic Hardware and Embedded Systems-CHES 2009},
  pages={317--331},
  year={2009},
  publisher={Springer}
}


@incollection{hori2010quantitative,
  title={Quantitative and statistical performance evaluation of arbiter physical unclonable functions on FPGAs},
  author={Hori, Yohei and Yoshida, Takahiro and Katashita, Toshihiro and Satoh, Akashi},
  booktitle={Reconfigurable Computing and FPGAs (ReConFig), 2010 International Conference on},
  pages={298--303},
  year={2010},
  publisher={IEEE}
}

@incollection{tuyls2006read,
  title={Read-proof hardware from protective coatings},
  author={Tuyls, Pim and Schrijen, Geert-Jan and {\v{S}}kori{\'c}, Boris and Van Geloven, Jan and Verhaegh, Nynke and Wolters, Rob},
  booktitle={Cryptographic Hardware and Embedded Systems-CHES 2006},
  pages={369--383},
  year={2006},
  publisher={Springer}
}

@inproceedings{dodis2004fuzzy,
  title={Fuzzy extractors: How to generate strong keys from biometrics and other noisy data},
  author={Dodis, Yevgeniy and Reyzin, Leonid and Smith, Adam},
  booktitle={Advances in cryptology-Eurocrypt 2004},
  pages={523--540},
  year={2004},
  organization={Springer}
}

@inproceedings{linnartz2003new,
  title={New shielding functions to enhance privacy and prevent misuse of biometric templates},
  author={Linnartz, Jean-Paul and Tuyls, Pim},
  booktitle={Audio-and Video-Based Biometric Person Authentication},
  pages={393--402},
  year={2003},
  organization={Springer}
}

@incollection{hammouri2009cds,
  title={CDs have fingerprints too},
  author={Hammouri, Ghaith and Dana, Aykutlu and Sunar, Berk},
  booktitle={Cryptographic Hardware and Embedded Systems-CHES 2009},
  pages={348--362},
  year={2009},
  publisher={Springer}
}

@article{gutierrez2006minimum,
  title={Minimum security requirements for federal information and information systems},
  author={Gutierrez, Carlos M and Jeffrey, William},
  journal={Federal Information Processing Standards Publication},
  volume={17},
  year={2006}
}

@article{shirey1994security,
  title={Security Architecture for Internet Protocols. A Guide for Protocol Designs and Standards},
  author={Shirey, Robert W},
  journal={Internet Draft},
  year={1994}
}



@inproceedings{maiti2009physical,
  title={Physical unclonable function and true random number generator: A compact and scalable implementation},
  author={Maiti, Abhranil and Nagesh, Raghunandan and Reddy, Anand and Schaumont, Patrick},
  booktitle={Proceedings of the 19th ACM Great Lakes symposium on VLSI},
  pages={425--428},
  year={2009},
  organization={ACM}
}

@article{goren2013partial,
  title={Partial bitstream protection for low-cost FPGAs with physical unclonable function, obfuscation, and dynamic partial self reconfiguration},
  author={G{\"o}ren, Sezer and Ozkurt, Ozgur and Yildiz, Abdullah and Ugurdag, H Fatih and Chakraborty, Rajat S and Mukhopadhyay, Debdeep},
  journal={Computers \& Electrical Engineering},
  volume={39},
  number={2},
  pages={386--397},
  year={2013},
  publisher={Elsevier}
}

@article{gora2010flexible,
  title={A flexible design flow for software IP binding in FPGA},
  author={Gora, Michael A and Maiti, Abhranil and Schaumont, Patrick},
  journal={Industrial Informatics, IEEE Transactions on},
  volume={6},
  number={4},
  pages={719--728},
  year={2010},
  publisher={IEEE}
}

@inproceedings{guajardo2007physical,
  title={Physical unclonable functions and public-key crypto for FPGA IP protection},
  author={Guajardo, Jorge and Kumar, Sandeep S and Schrijen, G-J and Tuyls, Pim},
  booktitle={Field Programmable Logic and Applications, 2007. FPL 2007. International Conference on},
  pages={189--195},
  year={2007},
  organization={IEEE}
}

@inproceedings{adi2006vlsi,
  title={VLSI design exchange with intellectual property protection in FPGA environment using both secret and public-key cryptography},
  author={Adi, Wael and Ernst, Rolf and Soudan, Bassel and Hanoun, Abdulrahman},
  booktitle={Emerging VLSI Technologies and Architectures, 2006. IEEE Computer Society Annual Symposium on},
  pages={6--pp},
  year={2006},
  organization={IEEE}
}

@inproceedings{schaller2013physically,
  title={Physically Unclonable Functions found in Standard Components of Commercial Devices},
  author={Schaller, Andr{\'e} and van der Leest, Vincent},
  booktitle={First Workshop on Trustworthy Manufacturing and Utilization of Secure Devices (TRUDEVICE 2013), Avignon, France},
  pages={1--2},
  year={2013}
}

@article{lim2005extracting,
  title={Extracting secret keys from integrated circuits},
  author={Lim, Daihyun and Lee, Jae W and Gassend, Blaise and Suh, G Edward and Van Dijk, Marten and Devadas, Srinivas},
  journal={Very Large Scale Integration (VLSI) Systems, IEEE Transactions on},
  volume={13},
  number={10},
  pages={1200--1205},
  year={2005},
  publisher={IEEE}
}

@inproceedings{eisenbarth2007establishing,
  title={Establishing chain of trust in reconfigurable hardware},
  author={Eisenbarth, Thomas and Guneysu, Tim and Paar, Christof and Sadeghi, A and Wolf, Marko and Tessier, Russell},
  booktitle={Field-Programmable Custom Computing Machines, 2007. FCCM 2007. 15th Annual IEEE Symposium on},
  pages={289--290},
  year={2007},
  organization={IEEE}
}

@inproceedings{barbareschi2014advancing,
  title={Advancing WSN physical security adopting TPM-based architectures},
  author={Barbareschi, Mario and Battista, Ermanno and Mazzeo, Antonino and Venkatesan, Sridhar},
  booktitle={Information Reuse and Integration (IRI), 2014 IEEE 15th International Conference on},
  pages={394--399},
  year={2014},
  organization={IEEE}
}

@inproceedings{glas2008prototype,
  title={A prototype of trusted platform functionality on reconfigurable hardware for bitstream updates},
  author={Glas, Benjamin and Klimm, Alexander and Schwab, David and Muller-Glaser, K and Becker, J{\"u}rgen},
  booktitle={Rapid System Prototyping, 2008. RSP'08. The 19th IEEE/IFIP International Symposium on},
  pages={135--141},
  year={2008},
  organization={IEEE}
}

@inproceedings{glas2009configuration,
  title={Configuration measurement for FPGA-based trusted platforms},
  author={Glas, Benjamin and Klimm, Alexander and Muller-Glaser, KD and Becker, J{\"u}rgen},
  booktitle={Rapid System Prototyping, 2009. RSP'09. IEEE/IFIP International Symposium on},
  pages={123--129},
  year={2009},
  organization={IEEE}
}

@inproceedings{huang2009security,
  title={A security embedded system base on TCM and FPGA},
  author={Huang, Huaqiang and Hu, Chen and He, Jianhua},
  booktitle={Computer Science and Information Technology, 2009. ICCSIT 2009. 2nd IEEE International Conference on},
  pages={605--609},
  year={2009},
  organization={IEEE}
}

@inproceedings{kepa2009ip,
  title={IP protection in partially reconfigurable FPGAs},
  author={Kepa, Krzysztof and Morgan, Fearghal and Kosciuszkiewicz, Krzysztof},
  booktitle={Field Programmable Logic and Applications, 2009. FPL 2009. International Conference on},
  pages={403--409},
  year={2009},
  organization={IEEE}
}

@inproceedings{huang2010verify,
  title={To verify embedded system software integrity with TCM and FPGA},
  author={Huang, Huaqiang and Hu, Chen and He, Jianhua},
  booktitle={Computer Science and Information Technology (ICCSIT), 2010 3rd IEEE International Conference on},
  volume={1},
  pages={65--70},
  year={2010},
  organization={IEEE}
}

@article{simpson2006offline,
  title={Offline hardware/software authentication for reconfigurable platforms},
  author={Simpson, Eric and Schaumont, Patrick},
  journal={Cryptographic Hardware and Embedded Systems-CHES 2006},
  pages={311--323},
  year={2006},
  publisher={Springer}
}


@article{maes2012pay,
  title={A pay-per-use licensing scheme for hardware IP cores in recent SRAM-based FPGAs},
  author={Maes, Roel and Schellekens, Dries and Verbauwhede, Ingrid},
  journal={Information Forensics and Security, IEEE Transactions on},
  volume={7},
  number={1},
  pages={98--108},
  year={2012},
  publisher={IEEE}
}

@inproceedings{choi2012design,
  title={Design of security enhanced TPM chip against invasive physical attacks},
  author={Choi, Piljoo and Kim, Dong Kyue},
  booktitle={Circuits and Systems (ISCAS), 2012 IEEE International Symposium on},
  pages={1787--1790},
  year={2012},
  organization={IEEE}
}

@inproceedings{zhang2013fpga,
  title={FPGA IP protection by binding finite state machine to physical unclonable function},
  author={Zhang, Jiliang and Lin, Yaping and Lyu, Yongqiang and Qu, Gang and Cheung, Ray CC and Che, Wenjie and Zhou, Qiang and Bian, Jinian},
  booktitle={Field Programmable Logic and Applications (FPL), 2013 23rd International Conference on},
  pages={1--4},
  year={2013},
  organization={IEEE}
}

@article{herder2014physical,
  title={Physical Unclonable Functions and Applications: A Tutorial},
  author={Herder, Charles and Yu, M-D and Koushanfar, Farinaz and Devadas, Srinivas},
  year={2014},
  publisher={IEEE}
}

@article{zhang2014survey,
  title={A Survey on Silicon PUFs and Recent Advances in Ring Oscillator PUFs},
  author={Zhang, Ji-Liang and Qu, Gang and Lv, Yong-Qiang and Zhou, Qiang},
  journal={Journal of Computer Science and Technology},
  volume={29},
  number={4},
  pages={664--678},
  year={2014},
  publisher={Springer}
}

@article{zhang2015puf,
  title={A PUF-FSM binding scheme for FPGA IP protection and pay-per-device licensing},
  author={Zhang, Jiliang and Lin, Yaping and Lyu, Yongqiang and Qu, Gang},
  journal={Information Forensics and Security, IEEE Transactions on},
  volume={10},
  number={6},
  pages={1137--1150},
  year={2015},
  publisher={IEEE}
}

@article{guajardo2009anti,
  title={Anti-counterfeiting, key distribution, and key storage in an ambient world via physical unclonable functions},
  author={Guajardo, Jorge and {\v{S}}kori{\'c}, Boris and Tuyls, Pim and Kumar, Sandeep S and Bel, Thijs and Blom, Antoon HM and Schrijen, Geert-Jan},
  journal={Information Systems Frontiers},
  volume={11},
  number={1},
  pages={19--41},
  year={2009},
  publisher={Springer}
}

@incollection{schellekens2008embedded,
  title={Embedded trusted computing with authenticated non-volatile memory},
  author={Schellekens, Dries and Tuyls, Pim and Preneel, Bart},
  booktitle={Trusted Computing-Challenges and Applications},
  pages={60--74},
  year={2008},
  publisher={Springer}
}


@book{guajardo2007fpga,
  title={FPGA intrinsic PUFs and their use for IP protection},
  author={Guajardo, Jorge and Kumar, Sandeep S and Schrijen, Geert-Jan and Tuyls, Pim},
  year={2007},
  publisher={Springer}
}

@incollection{bosch2008efficient,
  title={Efficient helper data key extractor on FPGAs},
  author={B{\"o}sch, Christoph and Guajardo, Jorge and Sadeghi, Ahmad-Reza and Shokrollahi, Jamshid and Tuyls, Pim},
  booktitle={Cryptographic Hardware and Embedded Systems--CHES 2008},
  pages={181--197},
  year={2008},
  publisher={Springer}
}

@incollection{katzenbeisser2012pufs,
  title={PUFs: Myth, fact or busted? A security evaluation of physically unclonable functions (PUFs) cast in silicon},
  author={Katzenbeisser, Stefan and Kocaba{\c{s}}, {\"U}nal and Ro{\v{z}}i{\'c}, Vladimir and Sadeghi, Ahmad-Reza and Verbauwhede, Ingrid and Wachsmann, Christian},
  booktitle={Cryptographic Hardware and Embedded Systems--CHES 2012},
  pages={283--301},
  year={2012},
  publisher={Springer}
}

@inproceedings{kean2002cryptographic,
  title={Cryptographic rights management of FPGA intellectual property cores},
  author={Kean, Tom},
  booktitle={Proceedings of the 2002 ACM/SIGDA tenth international symposium on Field-programmable gate arrays},
  pages={113--118},
  year={2002},
  organization={ACM}
}

@incollection{delvaux2014secure,
  title={Secure lightweight entity authentication with strong pufs: Mission impossible?},
  author={Delvaux, Jeroen and Gu, Dawu and Schellekens, Dries and Verbauwhede, Ingrid},
  booktitle={Cryptographic Hardware and Embedded Systems--CHES 2014},
  pages={451--475},
  year={2014},
  publisher={Springer}
}

@article{delvaux2013fault,
  title={Fault Injection Modeling Attacks on 65nm Arbiter and RO Sum PUFs via Environmental Changes.},
  author={Delvaux, Jeroen and Verbauwhede, Ingrid},
  journal={IACR Cryptology ePrint Archive},
  volume={2013},
  pages={619},
  year={2013}
}


@article{yu2010recombination,
  title={Recombination of physical unclonable functions},
  author={Yu, Meng-Day Mandel and Devadas, Srinivas},
  year={2010},
  publisher={United States. Dept. of Defense}
}

@inproceedings{yu2012performance,
  title={Performance metrics and empirical results of a PUF cryptographic key generation ASIC},
  author={Yu, Meng-Day and Sowell, Richard and Singh, Alok and M'Raihi, David and Devadas, Srinivas},
  booktitle={Hardware-Oriented Security and Trust (HOST), 2012 IEEE International Symposium on},
  pages={108--115},
  year={2012},
  organization={IEEE}
}

@inproceedings{eisenbarth2007reconfigurable,
  title={Reconfigurable trusted computing in hardware},
  author={Eisenbarth, Thomas and G{\"u}neysu, Tim and Paar, Christof and Sadeghi, Ahmad-Reza and Schellekens, Dries and Wolf, Marko},
  booktitle={Proceedings of the 2007 ACM workshop on Scalable trusted computing},
  pages={15--20},
  year={2007},
  organization={ACM}
}

@inproceedings{alkabani2008active,
  title={Active control and digital rights management of integrated circuit IP cores},
  author={Alkabani, Yousra and Koushanfar, Farinaz},
  booktitle={Proceedings of the 2008 international conference on Compilers, architectures and synthesis for embedded systems},
  pages={227--234},
  year={2008},
  organization={ACM}
}

@inproceedings{alkabani2008trusted,
  title={Trusted integrated circuits: A nondestructive hidden characteristics extraction approach},
  author={Alkabani, Yousra and Koushanfar, Farinaz and Kiyavash, Negar and Potkonjak, Miodrag},
  booktitle={Information Hiding},
  pages={102--117},
  year={2008},
  organization={Springer}
}

@inproceedings{koushanfar2011integrated,
  title={Integrated circuits metering for piracy protection and digital rights management: an overview},
  author={Koushanfar, Farinaz},
  booktitle={Proceedings of the 21st edition of the great lakes symposium on Great lakes symposium on VLSI},
  pages={449--454},
  year={2011},
  organization={ACM}
}

@inproceedings{alkabani2007active,
  title={Active Hardware Metering for Intellectual Property Protection and Security.},
  author={Alkabani, Yousra and Koushanfar, Farinaz},
  booktitle={USENIX Security},
  pages={291--306},
  year={2007}
}

@inproceedings{glas2008system,
  title={A system architecture for reconfigurable trusted platforms},
  author={Glas, Benjamin and Klimm, Alexander and Sander, Oliver and M{\"u}ller-Glaser, Klaus and Becker, J{\"u}rgen},
  booktitle={Proceedings of the conference on Design, automation and test in Europe},
  pages={541--544},
  year={2008},
  organization={ACM}
}

@inproceedings{koushanfar2001hardware,
  title={Hardware metering},
  author={Koushanfar, Farinaz and Qu, Gang},
  booktitle={Proceedings of the 38th annual Design Automation Conference},
  pages={490--493},
  year={2001},
  organization={ACM}
}

@misc{kean2002method,
  title={Method of protecting intellectual property cores on field programmable gate array},
  author={Kean, Thomas},
  year={2002},
  month=jun # "~13",
  publisher={Google Patents},
  note={US Patent App. 10/172,802}
}


